%%%%%%%%%%%%%%%%%%%%%%%%%%%%%%%%%%%%%%%%%%%%%%%%%%%%%%%%%%%%%%%%%%%%%%%%%%%%%%%%
%%%%%%%%%%%%%%%%%%%% INSERINDO COMENTÁRIOS EM ARQUIVOS .bib %%%%%%%%%%%%%%%%%%%%
%%%%%%%%%%%%%%%%%%%%%%%%%%%%%%%%%%%%%%%%%%%%%%%%%%%%%%%%%%%%%%%%%%%%%%%%%%%%%%%%
%
% 1. Como em outros arquivos LaTeX, comentários são iniciados por "%" e,
%    portanto, é preciso usar "\%" para imprimir o caractere "%". Esquecer
%    disso pode gerar erros difíceis de encontrar!
%
% 2. Não é possível inserir comentários dentro de uma entrada, apenas fora.
%
% 3. Não é possível incluir o caractere arroba em um comentário.
%
% 4. Se quiser desabilitar temporariamente um campo ("comentar" o campo),
%    troque seu nome para algum nome inválido, como "author-disable".
%    Se quiser fazer alguma observação permanente dentro de uma entrada,
%    você também pode usar algum nome de campo inválido, como "lembrete",
%    ou usar o campo "annotation", que normalmente é ignorado.
%
% 5. Se quiser desabilitar temporariamente uma entrada inteira ("comentar" a
%    entrada), não basta colocar "%" nas linhas correspondentes por causa do
%    caractere arroba; também é preciso remover a arroba.
%
% 6. Na verdade, as regras não são bem essas, mas segui-las é uma boa ideia:
%    https://tex.stackexchange.com/a/262282
%
% Por exemplo, esta entrada está comentada, ou seja, não tem efeito: se
% houvesse uma referência a ela no texto, a referência ficaria inválida.
% Observe que, para isso, o caractere arroba foi apagado!
%
%Book{JW82,
% author    = {Richard A. Johnson and Dean W. Wichern},
% title     = {Applied Multivariate Statistical Analysis},
% publisher = {Prentice-Hall},
% year      = {1983}
%}


%%%%%%%%%%%%%%%%%%%%%%%%%%%%%%%%%%%%%%%%%%%%%%%%%%%%%%%%%%%%%%%%%%%%%%%%%%%%%%%%
%%%%%%%%%%%%%%%%%%%%%%%%%%%%%%% O CAMPO "MONTH" %%%%%%%%%%%%%%%%%%%%%%%%%%%%%%%%
%%%%%%%%%%%%%%%%%%%%%%%%%%%%%%%%%%%%%%%%%%%%%%%%%%%%%%%%%%%%%%%%%%%%%%%%%%%%%%%%
%
% biblatex prefere o uso do campo "date" para definir ano, mês etc. No
% entanto, se você quiser garantir compatibilidade tanto com biblatex
% quanto com bibtex, use os campos "year" e "month". Ambos reconhecem
% diversos formatos para o campo "month", mas apenas um funciona
% corretamente com os dois: o nome do mês em inglês, abreviado com três
% letras minúsculas e sem chaves, ou seja:
%
% ...
% author = {Somebody},
% year = {2011},
% month = oct,
% title = {Some title},
% ...


%%%%%%%%%%%%%%%%%%%%%%%%%%%%%%%%%%%%%%%%%%%%%%%%%%%%%%%%%%%%%%%%%%%%%%%%%%%%%%%%

% Esta entrada não está em uso em tese.tex, apenas em
% apresentacao.tex, mas isso não é um problema: você pode
% ter um banco de dados com todos os papers que são de seu
% interesse e, em um dado texto, citar apenas alguns deles.

@article{jacob_holm,
    author = {Holm, Jacob and de Lichtenberg, Kristian and Thorup, Mikkel},
    title = {Poly-Logarithmic Deterministic Fully-Dynamic Algorithms for Connectivity, Minimum Spanning Tree, 2-Edge, and Biconnectivity},
    year = {2001},
    publisher = {Association for Computing Machinery},
    address = {AT&T Labs—Research, Florham Park, New Jersey},
    volume = {48},
    number = {4},
    url = {https://citeseerx.ist.psu.edu/document?repid=rep1&type=pdf&doi=1f63499a9cb43f0f4d6a56b37de551c7e0c94971},
    journal = {Journal of the ACM},
    pages = {723-760},
    numpages = {38}
}

@mastersthesis{arthur,
    author = {Rodrigues, Arthur Henrique Dias},
    title = {Algoritmos para conexidade em grafos dinâmicos},
    school = {Universidade de São Paulo},
    year = {2024},
    type = {Master's thesis},
    address = {São Paulo, Brazil}
}

@online{chung2025,
    author = {Chung Jin Shian},
    title = {Reposit\'{o}rio Git},
    url = {https://github.com/cjinshian27/TCC},
    urldate = {2025-06-26},
    year = {2025}
}

@article{tarjan,
    author = {Tarjan, Robert Endre and Vishkin, Uzi},
    title = {An efficient parallel biconnectivity algorithm},
    journal = {SIAM Journal on Computing},
    volume = {14},
    number = {4},
    year = {1985},
    pages = {862--874}
}

@article{sleator,
    author = {Sleator, Daniel D. and Tarjan, Robert E.},
    title = {Self-adjusting binary search trees},
    journal = {Journal of the ACM},
    volume = {32},
    number = {3},
    year = {1985},
    pages = {652--686},
    issn = {0004-5411},
    doi = {10.1145/3828.3835},
    url = {https://doi.org/10.1145/3828.3835}
}
